@misc{onsemi4004,
    author = {OnSemi},
    title = {Rectifiers: 1N4004},
    year = {2023},
    howpublished = {\url{https://www.onsemi.com/products/discrete-power-modules/rectifiers/1N4004}}
}